@book{jdhlectures,
author = {Joel David Hamkins},
year = {2020},
title = {Lectures on the philosophy of mathematics},
publisher = {The MIT Press: Cambridge, Massachusetts}
}
